
@techreport{rfc6455,
	Author = {I. Fette and A. Melnikov},
	Institution = {IETF},
	Month = {December},
	Note = {See http://www.ietf.org/rfc/rfc6455.txt},
	Title = {{RFC} 6455: {The} {WebSocket} {Protocol}},
	Type = {{RFC}},
	Year = 2011}

@techreport{websocketsw3c,
	Author = {Ian Hickson},
	Institution = {W3C},
	Month = {December},
	Note = {See http://dev.w3.org/html5/websockets/},
	Title = {{The} {WebSocket} {API}},
	Type = {{Note}},
	Year = 2012}

@techreport{rfc2119,
	Author = {S. Bradner},
	Institution = {IETF},
	Month = {March},
	Note = {See http://www.ietf.org/rfc/rfc2119.txt},
	Title = {{RFC} 2119: {Keywords} for use in {RFCs} to {Indicate} {Requirement} {Levels}},
	Type = {{RFC}},
	Year = 1997}

@techreport{rfc6570,
	Author = {J. Gregorio and R. Fielding and M. Hadley and M. Nottingham and D. Orchard},
	Institution = {IETF},
	Month = {March},
	Note = {See http://www.ietf.org/rfc/rfc6570.txt},
	Title = {{RFC} 6570: {URI} {Template}},
	Type = {{RFC}},
	Year = 2012}

@techreport{mailinglist,
        Note = {See http://java.net/projects/websocket-spec/lists/jsr356-experts/archive},
        Title = {{Expert} {group} {mailing} {list} {archive}},
        Type = {Web Site}}

@techreport{jsr342,
        Author = {Linda DeMichiel and Bill Shannon},
        Institution = {JCP},
        Note = {See http://jcp.org/en/jsr/detail?id=342},
        Title = {{Java} {Platform}, {Enterprise Edition 7} {(Java EE 7)} {Specification}},
        Type = {{JSR}},
        Year = 2013}

@techreport{jsr347,
        Author = {Pete Muir},
        Institution = {JCP},
        Note = {See http://jcp.org/en/jsr/detail?id=347},
        Title = {{Contexts} and {Dependency} {Injection} for {Java} {EE}},
        Type = {{JSR}},
        Year = 2013}

@techreport{jsr356,
        Author = {Danny Coward},
        Institution = {JCP},
        Note = {See http://jcp.org/en/jsr/detail?id=356},
        Title = {Java {API} for {WebSocket}},
        Type = {{JSR}},
        Year = 2013}
